@article{silva2024machine,
  title={Machine Learning and Economic Forecasting: The Role of International Trade Networks},
  author={Silva, Thiago C and others},
  journal={arXiv preprint arXiv:2404.08712},
  year={2024}
}

@article{diebold1995comparing,
  title={Comparing predictive accuracy},
  author={Diebold, Francis X and Mariano, Roberto S},
  journal={Journal of Business \& Economic Statistics},
  volume={13},
  number={3},
  pages={253--263},
  year={1995},
  publisher={Taylor \& Francis}
}

@article{bergmeir2012use,
  title={On the use of cross-validation for time series predictor evaluation},
  author={Bergmeir, Christoph and Ben{\'\i}tez, Jos{\'e} M},
  journal={Information Sciences},
  volume={191},
  pages={192--213},
  year={2012},
  publisher={Elsevier}
}

@article{hyndman2018forecasting,
  title={Forecasting: principles and practice},
  author={Hyndman, Rob J and Athanasopoulos, George},
  year={2018},
  publisher={OTexts}
}

@article{mullainathan2017machine,
  title={Machine learning: an applied econometric approach},
  author={Mullainathan, Sendhil and Spiess, Jann},
  journal={Journal of Economic Perspectives},
  volume={31},
  number={2},
  pages={87--106},
  year={2017}
}

@article{varian2014big,
  title={Big data: New tricks for econometrics},
  author={Varian, Hal R},
  journal={Journal of Economic Perspectives},
  volume={28},
  number={2},
  pages={3--28},
  year={2014}
}

@article{athey2019machine,
  title={Machine learning methods that economists should know about},
  author={Athey, Susan and Imbens, Guido W},
  journal={Annual Review of Economics},
  volume={11},
  pages={685--725},
  year={2019}
}

@article{kleinberg2015prediction,
  title={Prediction policy problems},
  author={Kleinberg, Jon and Ludwig, Jens and Mullainathan, Sendhil and Obermeyer, Ziad},
  journal={American Economic Review},
  volume={105},
  number={5},
  pages={491--495},
  year={2015}
}

@article{barro1991economic,
  title={Economic growth in a cross section of countries},
  author={Barro, Robert J},
  journal={The Quarterly Journal of Economics},
  volume={106},
  number={2},
  pages={407--443},
  year={1991}
}

@article{mankiw1992contribution,
  title={A contribution to the empirics of economic growth},
  author={Mankiw, N Gregory and Romer, David and Weil, David N},
  journal={The Quarterly Journal of Economics},
  volume={107},
  number={2},
  pages={407--437},
  year={1992}
}

@article{frankel1998regionalization,
  title={The regionalization of the world economy},
  author={Frankel, Jeffrey A and Rose, Andrew K},
  journal={University of Chicago Press},
  year={1998}
}

@article{rauch2001business,
  title={Business and social networks in international trade},
  author={Rauch, James E and Watson, Joel},
  journal={Journal of Economic Literature},
  volume={39},
  number={4},
  pages={1177--1203},
  year={2001}
}

@book{jackson2008social,
  title={Social and economic networks},
  author={Jackson, Matthew O},
  year={2008},
  publisher={Princeton University Press}
}

@article{barabasi1999emergence,
  title={Emergence of scaling in random networks},
  author={Barab{\'a}si, Albert-L{\'a}szl{\'o} and Albert, R{\'e}ka},
  journal={Science},
  volume={286},
  number={5439},
  pages={509--512},
  year={1999}
}

@article{newman2003structure,
  title={The structure and function of complex networks},
  author={Newman, Mark EJ},
  journal={SIAM Review},
  volume={45},
  number={2},
  pages={167--256},
  year={2003}
}

@article{lundberg2017unified,
  title={A unified approach to interpreting model predictions},
  author={Lundberg, Scott M and Lee, Su-In},
  journal={Advances in Neural Information Processing Systems},
  volume={30},
  year={2017}
}

@article{ribeiro2016should,
  title={Why should I trust you? Explaining the predictions of any classifier},
  author={Ribeiro, Marco Tulio and Singh, Sameer and Guestrin, Carlos},
  journal={Proceedings of the 22nd ACM SIGKDD International Conference on Knowledge Discovery and Data Mining},
  pages={1135--1144},
  year={2016}
}

@article{breiman2001random,
  title={Random forests},
  author={Breiman, Leo},
  journal={Machine Learning},
  volume={45},
  number={1},
  pages={5--32},
  year={2001}
}

@article{chen2016xgboost,
  title={XGBoost: A scalable tree boosting system},
  author={Chen, Tianqi and Guestrin, Carlos},
  journal={Proceedings of the 22nd ACM SIGKDD International Conference on Knowledge Discovery and Data Mining},
  pages={785--794},
  year={2016}
}

@article{ke2017lightgbm,
  title={LightGBM: A highly efficient gradient boosting decision tree},
  author={Ke, Guolin and Meng, Qi and Finley, Thomas and Wang, Taifeng and Chen, Wei and Ma, Weidong and Ye, Qiwei and Liu, Tie-Yan},
  journal={Advances in Neural Information Processing Systems},
  volume={30},
  year={2017}
}