@article{phillips1958,
  title={The Relation between Unemployment and the Rate of Change of Money Wage Rates in the United Kingdom, 1861-1957},
  author={Phillips, Alban William},
  journal={Economica},
  volume={25},
  number={100},
  pages={283--299},
  year={1958},
  publisher={Wiley Online Library}
}

@article{okun1962,
  title={Potential GNP: Its Measurement and Significance},
  author={Okun, Arthur M},
  journal={American Statistical Association, Proceedings of the Business and Economics Statistics Section},
  pages={98--104},
  year={1962}
}

@article{ball2017,
  title={Okun's Law: Fit at 50?},
  author={Ball, Laurence and Leigh, Daniel and Loungani, Prakash},
  journal={Journal of Money, Credit and Banking},
  volume={49},
  number={7},
  pages={1413--1441},
  year={2017},
  publisher={Wiley Online Library}
}

@article{kamber2018,
  title={Intuitive and Reliable Estimates of the Output Gap from a Beveridge-Nelson Filter},
  author={Kamber, G{\"u}nes and Morley, James and Wong, Benjamin},
  journal={Review of Economics and Statistics},
  volume={100},
  number={3},
  pages={550--566},
  year={2018},
  publisher={MIT Press}
}

@article{bai2003,
  title={Computation and Analysis of Multiple Structural Change Models},
  author={Bai, Jushan and Perron, Pierre},
  journal={Journal of Applied Econometrics},
  volume={18},
  number={1},
  pages={1--22},
  year={2003},
  publisher={Wiley Online Library}
}

@article{hjort2003,
  title={Frequentist Model Average Estimators},
  author={Hjort, Nils Lid and Claeskens, Gerda},
  journal={Journal of the American Statistical Association},
  volume={98},
  number={464},
  pages={879--899},
  year={2003},
  publisher={Taylor \& Francis}
}

@article{benjamini1995,
  title={Controlling the False Discovery Rate: A Practical and Powerful Approach to Multiple Testing},
  author={Benjamini, Yoav and Hochberg, Yosef},
  journal={Journal of the Royal Statistical Society: Series B (Methodological)},
  volume={57},
  number={1},
  pages={289--300},
  year={1995},
  publisher={Wiley Online Library}
}

@article{stock2003,
  title={Forecasting Using Principal Components from a Large Number of Predictors},
  author={Stock, James H and Watson, Mark W},
  journal={Journal of the American Statistical Association},
  volume={97},
  number={460},
  pages={1167--1179},
  year={2002},
  publisher={Taylor \& Francis}
}